@inproceedings{foret2020sharpness,
  title={Sharpness-Aware Minimization for Efficiently Improving Generalization},
  author={Pierre Foret and Ariel Kleiner and Hossein Mobahi and Behnam Neyshabur},
  booktitle={International Conference on Learning Representations},
  year={2021},
  url={https://openreview.net/forum?id=6Tm1mposlrM}
}

@inproceedings{liang2021rdrop,
  title={R-Drop: Regularized Dropout for Neural Networks},
  author={Xiaobo Liang and Lijun Wu and Juntao Li and Yue Wang and Qi Meng and Tao Qin and Wei Chen and Min Zhang and Tie-Yan Liu},
  booktitle={Advances in Neural Information Processing Systems},
  volume={34},
  pages={10890--10905},
  year={2021}
}

@inproceedings{tarvainen2017mean,
  title={Mean teachers are better role models: Weight-averaged consistency targets improve semi-supervised deep learning results},
  author={Antti Tarvainen and Harri Valpola},
  booktitle={Advances in Neural Information Processing Systems},
  volume={30},
  pages={1195--1204},
  year={2017}
}

@inproceedings{chaudhari2019entropy,
  title={Entropy-{SGD}: Biasing Gradient Descent Into Wide Valleys},
  author={Pratik Chaudhari and Anna Choromanska and Stefano Soatto and Yann LeCun and Carlo Baldassi and Christian Borgs and Jennifer Chayes and Levent Sagun and Riccardo Zecchina},
  booktitle={International Conference on Learning Representations},
  year={2017},
  url={https://openreview.net/forum?id=B1YfAfcgl}
}

@article{duchi2021learning,
  title={Learning models with uniform performance via distributionally robust optimization},
  author={John C. Duchi and Hongseok Namkoong},
  journal={Annals of Statistics},
  volume={49},
  number={3},
  pages={1378--1406},
  year={2021},
  publisher={Institute of Mathematical Statistics}
}